<?xml version="1.0" encoding="UTF-8"?><collection xmlns="http://www.loc.gov/MARC21/slim"><record><leader>00501nam--2200181-i-4500</leader><controlfield tag="001">000045769</controlfield><controlfield tag="002">20161230</controlfield><controlfield tag="005">20161230201045</controlfield><controlfield tag="008">060222s1000------------r-----000-0-fre-d</controlfield><datafield ind1=" " ind2=" " tag="040"><subfield code="a">IFIN-HH</subfield></datafield><datafield ind1=" " ind2=" " tag="041"><subfield code="a">fre</subfield></datafield><datafield ind1=" " ind2=" " tag="080"><subfield code="a">535.417:015</subfield></datafield><datafield ind1="1" ind2=" " tag="100"><subfield code="a">Tscharnack,Hugo</subfield></datafield><datafield ind1="1" ind2="0" tag="245"><subfield code="a">Cartes des defauts de planeite et de finesse des lames d`un fabry-perot</subfield><subfield code="b">These</subfield><subfield code="c">Hugo tscharnack</subfield></datafield><datafield ind1=" " ind2=" " tag="260"><subfield code="a">Orsay</subfield><subfield code="b">Faculte Des Sciences</subfield><subfield code="c">1971</subfield></datafield><datafield ind1=" " ind2=" " tag="300"><subfield code="a">60 P</subfield></datafield><datafield ind1=" " ind2=" " tag="852"><subfield code="a">38072</subfield><subfield code="c">535</subfield></datafield><datafield ind1=" " ind2=" " tag="CAT"><subfield code="a">Sys</subfield><subfield code="c">20110119</subfield><subfield code="h">144054</subfield></datafield></record></collection>